@ARTICLE{2012PhRvD..85h4004B,
   author = {{Brown}, J.~D. and {Diener}, P. and {Field}, S.~E. and {Hesthaven}, J.~S. and 
	{Herrmann}, F. and {Mrou{\'e}}, A.~H. and {Sarbach}, O. and 
	{Schnetter}, E. and {Tiglio}, M. and {Wagman}, M.},
    title = "{Numerical simulations with a first-order BSSN formulation of Einstein's field equations}",
  journal = {\prd},
archivePrefix = "arXiv",
   eprint = {1202.1038},
 primaryClass = "gr-qc",
 keywords = {Numerical studies of black holes and black-hole binaries, Post-Newtonian approximation, perturbation theory, related approximations, Gravitational waves: theory, Wave generation and sources},
     year = 2012,
    month = apr,
   volume = 85,
   number = 8,
      eid = {084004},
    pages = {084004},
      doi = {10.1103/PhysRevD.85.084004},
   adsurl = {http://adsabs.harvard.edu/abs/2012PhRvD..85h4004B},
  adsnote = {Provided by the SAO/NASA Astrophysics Data System}
}


@inproceedings{Fernando:2017:MAA:3078597.3078610,
 author = {Fernando, Milinda and Duplyakin, Dmitry and Sundar, Hari},
 title = {Machine and Application Aware Partitioning for Adaptive Mesh Refinement Applications},
 booktitle = {Proceedings of the 26th International Symposium on High-Performance Parallel and Distributed Computing},
 series = {HPDC '17},
 year = {2017},
 isbn = {978-1-4503-4699-3},
 location = {Washington, DC, USA},
 pages = {231--242},
 numpages = {12},
 url = {http://doi.acm.org/10.1145/3078597.3078610},
 doi = {10.1145/3078597.3078610},
 acmid = {3078610},
 publisher = {ACM},
 address = {New York, NY, USA},
 keywords = {AMR, FEM, communication minimizing algorithms, domain decomposition, energy efficient computing},
} 

@BOOK{vtk,
  TITLE = {The Visualization Toolkit (4th ed.)},
  AUTHOR = {Schroeder Will,Martin Ken,Lorensen Bill},
  YEAR = {2006},
  PUBLISHER = {Kitware}
}
